<record><leader>00000cas a22000007a 4500</leader><controlfield tag="001">16619393</controlfield><controlfield tag="008">870831d18971920ohudr ne      0    0eng d</controlfield><datafield ind1=" " ind2=" " tag="010"><subfield code="a">sn 87076574 </subfield></datafield><datafield ind1=" " ind2=" " tag="040"><subfield code="a">ONP</subfield><subfield code="b">eng</subfield><subfield code="c">ONP</subfield><subfield code="d">OCLCQ</subfield></datafield><datafield ind1=" " ind2=" " tag="042"><subfield code="a">msc</subfield></datafield><datafield ind1="0" ind2=" " tag="130"><subfield code="a">Lima daily news (Lima, Ohio : 1897)</subfield></datafield><datafield ind1="1" ind2="0" tag="245"><subfield code="a">Lima daily news.</subfield></datafield><datafield ind1="3" ind2="0" tag="246"><subfield code="a">Lima Sunday news</subfield></datafield><datafield ind1=" " ind2=" " tag="260"><subfield code="a">Lima, Ohio :</subfield><subfield code="b">News Pub.,</subfield><subfield code="c">-1920.</subfield></datafield><datafield ind1=" " ind2=" " tag="310"><subfield code="a">Daily</subfield></datafield><datafield ind1="1" ind2=" " tag="362"><subfield code="a">Began in Nov. 1897.</subfield></datafield><datafield ind1="0" ind2=" " tag="362"><subfield code="a">-24th year (May 2, 1920).</subfield></datafield><datafield ind1=" " ind2=" " tag="500"><subfield code="a">On Sundays published as: Lima Sunday news, &lt;Aug. 1, 1916-1920&gt;.</subfield></datafield><datafield ind1=" " ind2=" " tag="588"><subfield code="a">Description based on: Vol. 2, no. 243 (Sept. 3, 1898).</subfield></datafield><datafield ind1=" " ind2=" " tag="752"><subfield code="a">United States</subfield><subfield code="b">Ohio</subfield><subfield code="c">Allen</subfield><subfield code="d">Lima.</subfield></datafield><datafield ind1="0" ind2="7" tag="785"><subfield code="t">Lima times-Democrat (Lima, Ohio : 1901)</subfield><subfield code="w">(DLC)sn 87076573</subfield></datafield><datafield ind1="0" ind2="7" tag="785"><subfield code="t">Lima daily news and Times-Democrat</subfield><subfield code="w">(DLC)sn 90068589</subfield></datafield></record>